<?xml version="1.0"?>
<marc:collection xmlns:marc="http://www.loc.gov/MARC21/slim" xmlns:xsi="http://www.w3.org/2001/XMLSchema-instance" xsi:schemaLocation="http://www.loc.gov/MARC21/slim http://www.loc.gov/standards/marcxml/schema/MARC21slim.xsd">
   <marc:record type="Bibliographic">
      <marc:leader>01638cam a2200373   4500</marc:leader>
      <marc:controlfield tag="001">1666600</marc:controlfield>
      <marc:controlfield tag="003">NjP</marc:controlfield>
      <marc:controlfield tag="005">20130506140539.0</marc:controlfield>
      <marc:controlfield tag="008">820621s1969    iq       b    000 0barar </marc:controlfield>
      <marc:datafield tag="024" ind1="7" ind2=" ">
         <marc:subfield code="a">princeton_aco000042</marc:subfield>
         <marc:subfield code="2">local</marc:subfield>
      </marc:datafield>
      <marc:datafield tag="010" ind1=" " ind2=" ">
         <marc:subfield code="a">   78233956 </marc:subfield>
      </marc:datafield>
      <marc:datafield tag="035" ind1=" " ind2=" ">
         <marc:subfield code="a">(OCoLC)ocn177740113</marc:subfield>
      </marc:datafield>
      <marc:datafield tag="035" ind1=" " ind2=" ">
         <marc:subfield code="a">(OCoLC)ocm08534533</marc:subfield>
      </marc:datafield>
      <marc:datafield tag="035" ind1=" " ind2=" ">
         <marc:subfield code="a">(OCoLC)177740113</marc:subfield>
      </marc:datafield>
      <marc:datafield tag="035" ind1=" " ind2=" ">
         <marc:subfield code="9">CFH8819TS</marc:subfield>
      </marc:datafield>
      <marc:datafield tag="035" ind1=" " ind2=" ">
         <marc:subfield code="a">(NjP)1666600</marc:subfield>
      </marc:datafield>
      <marc:datafield tag="040" ind1=" " ind2=" ">
         <marc:subfield code="a">DLC</marc:subfield>
         <marc:subfield code="c">PUL</marc:subfield>
         <marc:subfield code="d">PUL</marc:subfield>
      </marc:datafield>
      <marc:datafield tag="049" ind1=" " ind2=" ">
         <marc:subfield code="a">PULL</marc:subfield>
      </marc:datafield>
      <marc:datafield tag="050" ind1="0" ind2=" ">
         <marc:subfield code="a">PJ6064.M35</marc:subfield>
         <marc:subfield code="b">Z9</marc:subfield>
      </marc:datafield>
      <marc:datafield tag="079" ind1=" " ind2=" ">
         <marc:subfield code="a">ocm08534533</marc:subfield>
      </marc:datafield>
      <marc:datafield tag="100" ind1="1" ind2=" ">
         <marc:subfield code="6">880-01</marc:subfield>
         <marc:subfield code="a">&#x2BB;Ubaydi&#x304;, Rashi&#x304;d &#x2BB;Abd al-Rah&#x323;ma&#x304;n.</marc:subfield>
      </marc:datafield>
      <marc:datafield tag="245" ind1="1" ind2="0">
         <marc:subfield code="6">880-02</marc:subfield>
         <marc:subfield code="a">Abu&#x304; &#x2BB;Uthma&#x304;n al-Ma&#x304;zini&#x304; wa-madha&#x304;hibuhu fi&#x304; al-S&#x323;arf wa-al-Nah&#x323;u&#x304;</marc:subfield>
         <marc:subfield code="c">[ta&#x2BC;li&#x304;f] Rashi&#x304;d &#x2BB;Abd al-Rah&#x323;ma&#x304;n al-&#x2BB;Ubaydi&#x304;.</marc:subfield>
      </marc:datafield>
      <marc:datafield tag="260" ind1=" " ind2=" ">
         <marc:subfield code="6">880-03</marc:subfield>
         <marc:subfield code="a">Baghda&#x304;d,</marc:subfield>
         <marc:subfield code="b">Mat&#x323;ba&#x2BB;at Salma&#x304;n al-A&#x2BB;z&#x323;ami&#x304;,</marc:subfield>
         <marc:subfield code="c">1969.</marc:subfield>
      </marc:datafield>
      <marc:datafield tag="300" ind1=" " ind2=" ">
         <marc:subfield code="a">320 p.</marc:subfield>
         <marc:subfield code="c">24 cm.</marc:subfield>
      </marc:datafield>
      <marc:datafield tag="500" ind1=" " ind2=" ">
         <marc:subfield code="6">880-04</marc:subfield>
         <marc:subfield code="a">Cover title: Abu Uthman al-Mazini&#x304; and madahibuhu fe-sarf &amp; nahu, by R.A. al-Ubaidi.</marc:subfield>
      </marc:datafield>
      <marc:datafield tag="600" ind1="1" ind2="0">
         <marc:subfield code="6">880-05</marc:subfield>
         <marc:subfield code="a">Ma&#x304;zini&#x304;, Bakr ibn Muh&#x323;ammad,</marc:subfield>
         <marc:subfield code="d">active 9th century.</marc:subfield>
      </marc:datafield>
      <marc:datafield tag="880" ind1="1" ind2=" ">
         <marc:subfield code="6">100-01/r</marc:subfield>
         <marc:subfield code="a">&#x639;&#x628;&#x64A;&#x62F;&#x64A;&#x60C; &#x631;&#x634;&#x64A;&#x62F; &#x639;&#x628;&#x62F; &#x627;&#x644;&#x631;&#x62D;&#x645;&#x646;.</marc:subfield>
      </marc:datafield>
      <marc:datafield tag="880" ind1="1" ind2="0">
         <marc:subfield code="6">245-02/r</marc:subfield>
         <marc:subfield code="a">&#x627;&#x628;&#x648; &#x639;&#x62B;&#x645;&#x627;&#x646; &#x627;&#x644;&#x645;&#x627;&#x632;&#x646;&#x64A; &#x648;&#x645;&#x630;&#x627;&#x647;&#x628;&#x647; &#x641;&#x64A; &#x627;&#x644;&#x635;&#x631;&#x641; &#x648;&#x627;&#x644;&#x646;&#x62D;&#x648;&#x627;</marc:subfield>
         <marc:subfield code="c">[&#x62A;&#x623;&#x644;&#x64A;&#x641;] &#x631;&#x634;&#x64A;&#x62F; &#x639;&#x628;&#x62F; &#x627;&#x644;&#x631;&#x62D;&#x645;&#x646; &#x627;&#x644;&#x639;&#x628;&#x64A;&#x62F;&#x64A;.</marc:subfield>
      </marc:datafield>
      <marc:datafield tag="880" ind1=" " ind2=" ">
         <marc:subfield code="6">260-03/r</marc:subfield>
         <marc:subfield code="a">&#x628;&#x63A;&#x62F;&#x627;&#x62F;&#x60C;</marc:subfield>
         <marc:subfield code="b">&#x645;&#x637;&#x628;&#x639;&#x629; &#x633;&#x644;&#x645;&#x627;&#x646; &#x627;&#x644;&#x627;&#x639;&#x638;&#x645;&#x64A;&#x60C;</marc:subfield>
         <marc:subfield code="c">1969.</marc:subfield>
      </marc:datafield>
      <marc:datafield tag="880" ind1=" " ind2=" ">
         <marc:subfield code="6">500-04/r</marc:subfield>
         <marc:subfield code="a">Cover title: &#x627;&#x628; &#x627;&#x62B;&#x645;&#x646; &#x627;&#x644;&#x645;&#x632;&#x646;&#x64A; &#x627;&#x646;&#x62F; &#x645;&#x62F;&#x647;&#x628;&#x647; &#x641;&#x633;&#x631;&#x641; &amp; &#x646;&#x647;&#x60C;by R.A. al-Ubaidi</marc:subfield>
      </marc:datafield>
      <marc:datafield tag="880" ind1="1" ind2="4">
         <marc:subfield code="6">600-05/r</marc:subfield>
         <marc:subfield code="a">&#x645;&#x627;&#x632;&#x646;&#x64A;&#x60C; &#x628;&#x643;&#x631; &#x628;&#x646; &#x645;&#x62D;&#x645;&#x62F;&#x60C; 9th cent</marc:subfield>
      </marc:datafield>
      <marc:datafield tag="852" ind1="0" ind2=" ">
         <marc:subfield code="b">nec</marc:subfield>
         <marc:subfield code="h">PJ6064.M35</marc:subfield>
         <marc:subfield code="i">Z9 1969</marc:subfield>
         <marc:subfield code="p">1921291</marc:subfield>
         <marc:subfield code="x">reclassed from: 2272.62695.956</marc:subfield>
      </marc:datafield>
      <marc:datafield tag="947" ind1=" " ind2=" ">
         <marc:subfield code="a">CFH8819</marc:subfield>
      </marc:datafield>
      <marc:datafield tag="911" ind1=" " ind2=" ">
         <marc:subfield code="a">20000130</marc:subfield>
      </marc:datafield>
      <marc:datafield tag="994" ind1=" " ind2=" ">
         <marc:subfield code="a">C0</marc:subfield>
         <marc:subfield code="b">PUL</marc:subfield>
      </marc:datafield>
      <marc:datafield tag="999" ind1=" " ind2=" ">
         <marc:subfield code="a">1666600</marc:subfield>
      </marc:datafield>
   </marc:record>
</marc:collection>
